<?xml version="1.0" encoding="UTF-8"?><collection xmlns="http://www.loc.gov/MARC21/slim"><record><leader>00840nam--2200205-i-4500</leader><controlfield tag="001">000016487</controlfield><controlfield tag="002">20161230</controlfield><controlfield tag="005">20161230201031</controlfield><controlfield tag="008">060222s1000------------r-----000-0-eng-d</controlfield><datafield ind1=" " ind2=" " tag="020"><subfield code="a">1558992030</subfield></datafield><datafield ind1=" " ind2=" " tag="040"><subfield code="a">IFIN-HH</subfield></datafield><datafield ind1=" " ind2=" " tag="080"><subfield code="a">621.179.15(061.3)</subfield></datafield><datafield ind1="1" ind2=" " tag="100"><subfield code="a">Perry, Dale L</subfield></datafield><datafield ind1="1" ind2="0" tag="245"><subfield code="a">Applications of synchrotron radiation techniques to materials science</subfield><subfield code="b">Volume 307 materials research society symposium proceedings. symposium held april 12-15, san francisco, california, usa</subfield><subfield code="c">Dale l. perry, neal d. shinn, roger l. stockbauer, kevin l. damico, louis j. terminello (eds.)</subfield></datafield><datafield ind1=" " ind2=" " tag="260"><subfield code="a">Pittsburg, Pennsylvania</subfield><subfield code="b">Materials Research Society</subfield><subfield code="c">1993</subfield></datafield><datafield ind1=" " ind2=" " tag="300"><subfield code="a">XIII + 353 P</subfield></datafield><datafield ind1=" " ind2=" " tag="490"><subfield code="a">Materials Research Society Symposium Proceedings</subfield></datafield><datafield ind1="1" ind2=" " tag="700"><subfield code="a">Terminello, Louis J</subfield><subfield code="e">Ed</subfield></datafield><datafield ind1=" " ind2=" " tag="852"><subfield code="a">49226</subfield><subfield code="c">539</subfield></datafield><datafield ind1=" " ind2=" " tag="CAT"><subfield code="a">Sys</subfield><subfield code="c">20111012</subfield><subfield code="h">151725</subfield></datafield></record></collection>